@misc{openstreetmap_magdalena2025,
  author       = {{OpenStreetMap contributors}},
  title        = {OpenStreetMap - Magdalena Region near Latitude 7.06192, Longitude -73.87713},
  year         = {2025},
  howpublished = {\url{https://www.openstreetmap.org/\#map=14/7.06192/-73.87713}},
  note         = {Accessed: 2025-04-07}
}

@book{deaton1999dynamic,
  title={Dynamic modeling of environmental systems},
  author={Deaton, Michael and Winebrake, James J},
  year={1999},
  publisher={Springer Science \& Business Media}
}

@misc{waterwaymap2025,
  author       = {{WaterwayMap contributors}},
  title        = {Waterway Map – Magdalena River Region (Latitude 7.06031, Longitude -73.87921)},
  year         = {2025},
  howpublished = {\url{https://waterwaymap.org/\#map=14.19/7.06031/-73.87921}},
  note         = {Accessed: 2025-04-07}
}


@misc{quickosm2025,
  author       = {{3liz}},
  title        = {QuickOSM - QGIS plugin to download OSM data using Overpass API},
  year         = {2025},
  howpublished = {\url{https://github.com/3liz/QuickOSM}},
  note         = {Accessed: 2025-04-07}
}

@misc{qgis2025,
  author       = {{QGIS Development Team}},
  title        = {QGIS Geographic Information System},
  year         = {2025},
  howpublished = {\url{https://qgis.org/}},
  note         = {Open Source Geospatial Foundation Project. Accessed: 2025-04-07}
}

@misc{garcia2020mathematical,
  author       = {García Rodríguez, Fabián and González Carreño, Javier Orlando},
  title        = {A mathematical model for the simulation of the Magdalena River in the city of Barrancabermeja, Colombia},
  year         = {2020},
  howpublished = {\url{https://repositorio.ufps.edu.co/handle/ufps/1120}},
  note         = {Accessed: 2025-03-30},
  institution  = {Universidad Francisco de Paula Santander}
}

@misc{cormagdalena_niveles,
  author       = {{Cormagdalena}},
  title        = {Sistema de Información de Niveles del Río Magdalena},
  year         = {2025},
  howpublished = {\url{https://niveles.cormagdalena.gov.co/}},
  note         = {Accedido el 30 de marzo de 2025}
}

